@Book{bib:vanwylen,
author = {Claus Borgnakke and Richard E. Sonntag},
title = {Fundamentals of thermodynamics},
publisher = {John Wiley \& Sons, Inc.},
year = {2009},
edition = {7},
isbn = {-13-978-0-470-04192-5},
month = {},
OPTkey = {},
OPTurl = {},
OPTdoi = {},
OPTnote = {},
OPTvolume = {},
OPTnumber = {},
OPTseries = {},
OPTannote = {},
OPTaddress = {},
OPTabstract = {},
OPTlocalfile = {}
}

@Book{bib:economics,
    author = {Robert E. Maples},
    title = {Petroleum Refinery Process Economics},
    publisher = {Pennwell Books},
    year = {2000},
    edition = {2}
}
@Book{bib:clima,
    author = {Lüthi, et al.},
    title = {Paleoclimatology Program},
    publisher = {NOAA NCEI},
    year = {2018}
}
@Book{bib:instrumentacion,
    author = {Creus, Antonio},
    title = {Instrumentación industrial},
    publisher = {Alfaomega Grupo Editor S.A. de C.V.},
    OPTaddress = {Mexico},
    year = {2010},
    edition = {2}
}

@ARTICLE{onu,
    author = {PNUMA},
    title = {Informe sobre la disparidad en las emisiones de 2019},
    journal = {Programa de las Naciones Unidas para el Medio Ambiente},
    year = {2019},
    month = {},
    pages = {},
    OPTkey = {},
    volume = {},
    number = {},
    url = {https://wedocs.unep.org/bitstream/handle/20.500.11822/30798/EGR19ESSP.pdf}
}

@Unpublished{bib:leti,
author = {Leticia Luna C.},
title = {Modelo predictivo de la operacion de horno de planta Topping 1 de ERA},
note = {Pontificia Universidad Católica de Valparaíso},
OPTkey = {},
month = {January},
year = {2010},
OPTannote = {},
url = {http://profs.usb.ve/~bfeijoo/},
OPTdoi = {},
OPTissn = {},
OPTlocalfile = {},
OPTabstract = {}
}


@Book{bib:lamport,
author = {Leslie Lamport},
editor = {},
title = {\LaTeX: A Document Preparation System},
publisher = {Addison-Wesley Publishing Company, Inc.},
year = {1986},
OPTkey = {},
OPTvolume = {},
OPTnumber = {},
OPTseries = {},
OPTaddress = {},
edition = {1},
month = {},
OPTnote = {},
OPTannote = {},
OPTurl = {},
OPTdoi = {},
isbn = {0-201-15790-X},
OPTlocalfile = {},
OPTabstract = {}
}

@Book{bib:api560,
    author = {API 560},
    title = {Fired Heaters for General Refinery Service},
    publisher = {American Petroleum Institute},
    month = {May},
    year = {2001}
}

@Book{bib:vanness,
    author = {Smith Van Ness},
    title = {Introducción a la Termodinámica en ingeniería química},
    publisher = {McGraw-Hill},
    edition = {2},
    month = {May},
    year = {1993}
}
@Book{bib:donald,
    author = {Donald Q. Kern},
    title = {Procesos de Transferencia de Calor},
    publisher = {McGraw-Hill Book Company, Inc.},
    edition = {31},
    ISBN = {96 26-1040-0},
    year = {1999}
}
@Book{bib:horlock,
    author = {Horlock, J.H.},
    title = {Cogeneration - Combined Heat and Power: Thermodynamics and Economics},
    publisher = {Krieger Publishing Company},
    edition = {Reprint Ed.},
    year = {1996}
}

 www.heaterdesign.com. PG Environmental & Thermal Technologies
LLC,"Introduction To Heater Design”